@book{adams1995hitchhiker,
  title={The Hitchhiker's Guide to the Galaxy},
  author={Adams, D.},
  isbn={9781417642595},
  url={http://books.google.com/books?id=W-xMPgAACAAJ},
  year={1995},
  publisher={San Val}
}

@inproceedings{cai2007certified,
  title={Certified self-modifying code},
  author={Cai, Hongxu and Shao, Zhong and Vaynberg, Alexander},
  booktitle={Proceedings of the 28th ACM SIGPLAN Conference on Programming Language Design and Implementation},
  pages={66--77},
  year={2007}
}

@inproceedings{giffin2005strengthening,
  title={Strengthening software self-checksumming via self-modifying code},
  author={Giffin, Jonathon T and Christodorescu, Mihai and Kruger, Louis},
  booktitle={21st Annual Computer Security Applications Conference (ACSAC'05)},
  pages={10--pp},
  year={2005},
  organization={IEEE}
}
